%YAML 1.1
%TAG !u! tag:unity3d.com,2011:
--- !u!114 &-8590777276992142987
MonoBehaviour:
  m_ObjectHideFlags: 0
  m_CorrespondingSourceObject: {fileID: 0}
  m_PrefabInstance: {fileID: 0}
  m_PrefabAsset: {fileID: 0}
  m_GameObject: {fileID: 0}
  m_Enabled: 1
  m_EditorHideFlags: 0
  m_Script: {fileID: 11500000, guid: 0f6bfdbcb316ed242b30a8798c9eb853, type: 3}
  m_Name: KHRSimpleControllerProfile WSA
  m_EditorClassIdentifier: 
  m_enabled: 0
  nameUi: Khronos Simple Controller Profile
  version: 0.0.1
  featureIdInternal: com.unity.openxr.feature.input.khrsimpleprofile
  openxrExtensionStrings: 
  company: Unity
  priority: 0
  required: 0
--- !u!114 &-8022072757865487992
MonoBehaviour:
  m_ObjectHideFlags: 0
  m_CorrespondingSourceObject: {fileID: 0}
  m_PrefabInstance: {fileID: 0}
  m_PrefabAsset: {fileID: 0}
  m_GameObject: {fileID: 0}
  m_Enabled: 1
  m_EditorHideFlags: 0
  m_Script: {fileID: 11500000, guid: 761fdd4502cb7a84e9ec7a2b24f33f37, type: 3}
  m_Name: MicrosoftMotionControllerProfile WSA
  m_EditorClassIdentifier: 
  m_enabled: 0
  nameUi: Microsoft Motion Controller Profile
  version: 0.0.1
  featureIdInternal: com.unity.openxr.feature.input.microsoftmotioncontroller
  openxrExtensionStrings: 
  company: Unity
  priority: 0
  required: 0
--- !u!114 &-6345407056451659874
MonoBehaviour:
  m_ObjectHideFlags: 0
  m_CorrespondingSourceObject: {fileID: 0}
  m_PrefabInstance: {fileID: 0}
  m_PrefabAsset: {fileID: 0}
  m_GameObject: {fileID: 0}
  m_Enabled: 1
  m_EditorHideFlags: 0
  m_Script: {fileID: 11500000, guid: 0d6ccd3d0ef0f1d458e69421dccbdae1, type: 3}
  m_Name: ValveIndexControllerProfile WSA
  m_EditorClassIdentifier: 
  m_enabled: 0
  nameUi: Valve Index Controller Profile
  version: 0.0.1
  featureIdInternal: com.unity.openxr.feature.input.valveindex
  openxrExtensionStrings: 
  company: Unity
  priority: 0
  required: 0
--- !u!114 &-3433716893060204142
MonoBehaviour:
  m_ObjectHideFlags: 0
  m_CorrespondingSourceObject: {fileID: 0}
  m_PrefabInstance: {fileID: 0}
  m_PrefabAsset: {fileID: 0}
  m_GameObject: {fileID: 0}
  m_Enabled: 1
  m_EditorHideFlags: 0
  m_Script: {fileID: 11500000, guid: feeef8d85de8db242bdda70cc7ff5acd, type: 3}
  m_Name: OculusTouchControllerProfile WSA
  m_EditorClassIdentifier: 
  m_enabled: 0
  nameUi: Oculus Touch Controller Profile
  version: 0.0.1
  featureIdInternal: com.unity.openxr.feature.input.oculustouch
  openxrExtensionStrings: 
  company: Unity
  priority: 0
  required: 0
--- !u!114 &-1017510623429554562
MonoBehaviour:
  m_ObjectHideFlags: 0
  m_CorrespondingSourceObject: {fileID: 0}
  m_PrefabInstance: {fileID: 0}
  m_PrefabAsset: {fileID: 0}
  m_GameObject: {fileID: 0}
  m_Enabled: 1
  m_EditorHideFlags: 0
  m_Script: {fileID: 11500000, guid: 056125dd64c0ed540b40a4af74f7b495, type: 3}
  m_Name: RuntimeDebuggerOpenXRFeature WSA
  m_EditorClassIdentifier: 
  m_enabled: 0
  nameUi: Runtime Debugger
  version: 1
  featureIdInternal: com.unity.openxr.features.runtimedebugger
  openxrExtensionStrings: 
  company: Unity
  priority: 0
  required: 0
  cacheSize: 1048576
  perThreadCacheSize: 51200
--- !u!114 &-496669994699329374
MonoBehaviour:
  m_ObjectHideFlags: 0
  m_CorrespondingSourceObject: {fileID: 0}
  m_PrefabInstance: {fileID: 0}
  m_PrefabAsset: {fileID: 0}
  m_GameObject: {fileID: 0}
  m_Enabled: 1
  m_EditorHideFlags: 0
  m_Script: {fileID: 11500000, guid: 274c02963f889a64e90bc2e596e21d13, type: 3}
  m_Name: HTCViveControllerProfile WSA
  m_EditorClassIdentifier: 
  m_enabled: 0
  nameUi: HTC Vive Controller Profile
  version: 0.0.1
  featureIdInternal: com.unity.openxr.feature.input.htcvive
  openxrExtensionStrings: 
  company: Unity
  priority: 0
  required: 0
--- !u!114 &11400000
MonoBehaviour:
  m_ObjectHideFlags: 0
  m_CorrespondingSourceObject: {fileID: 0}
  m_PrefabInstance: {fileID: 0}
  m_PrefabAsset: {fileID: 0}
  m_GameObject: {fileID: 0}
  m_Enabled: 1
  m_EditorHideFlags: 0
  m_Script: {fileID: 11500000, guid: 9f0ebc320a151d3408ea1e9fce54d40e, type: 3}
  m_Name: Open XR Package Settings
  m_EditorClassIdentifier: 
  Keys: 010000000e000000
  Values:
  - {fileID: 3762593769563031599}
  - {fileID: 7751299047678040058}
--- !u!114 &2527685697463147950
MonoBehaviour:
  m_ObjectHideFlags: 0
  m_CorrespondingSourceObject: {fileID: 0}
  m_PrefabInstance: {fileID: 0}
  m_PrefabAsset: {fileID: 0}
  m_GameObject: {fileID: 0}
  m_Enabled: 1
  m_EditorHideFlags: 0
  m_Script: {fileID: 11500000, guid: f928d0d73a35f294fbe357ca17aa3547, type: 3}
  m_Name: MicrosoftHandInteraction WSA
  m_EditorClassIdentifier: 
  m_enabled: 0
  nameUi: Microsoft Hand Interaction Profile
  version: 0.0.1
  featureIdInternal: com.unity.openxr.feature.input.handtracking
  openxrExtensionStrings: XR_MSFT_hand_interaction
  company: Unity
  priority: 0
  required: 0
--- !u!114 &3762593769563031599
MonoBehaviour:
  m_ObjectHideFlags: 0
  m_CorrespondingSourceObject: {fileID: 0}
  m_PrefabInstance: {fileID: 0}
  m_PrefabAsset: {fileID: 0}
  m_GameObject: {fileID: 0}
  m_Enabled: 1
  m_EditorHideFlags: 0
  m_Script: {fileID: 11500000, guid: b5a1f07dc5afe854f9f12a4194aca3fb, type: 3}
  m_Name: Standalone
  m_EditorClassIdentifier: 
  features: []
  m_renderMode: 1
  m_depthSubmissionMode: 0
--- !u!114 &6222314854893197440
MonoBehaviour:
  m_ObjectHideFlags: 0
  m_CorrespondingSourceObject: {fileID: 0}
  m_PrefabInstance: {fileID: 0}
  m_PrefabAsset: {fileID: 0}
  m_GameObject: {fileID: 0}
  m_Enabled: 1
  m_EditorHideFlags: 0
  m_Script: {fileID: 11500000, guid: b3cf79659a011bd419c7a2a30eb74e9a, type: 3}
  m_Name: EyeGazeInteraction WSA
  m_EditorClassIdentifier: 
  m_enabled: 0
  nameUi: Eye Gaze Interaction Profile
  version: 0.0.1
  featureIdInternal: com.unity.openxr.feature.input.eyetracking
  openxrExtensionStrings: XR_EXT_eye_gaze_interaction
  company: Unity
  priority: 0
  required: 0
--- !u!114 &7751299047678040058
MonoBehaviour:
  m_ObjectHideFlags: 0
  m_CorrespondingSourceObject: {fileID: 0}
  m_PrefabInstance: {fileID: 0}
  m_PrefabAsset: {fileID: 0}
  m_GameObject: {fileID: 0}
  m_Enabled: 1
  m_EditorHideFlags: 0
  m_Script: {fileID: 11500000, guid: b5a1f07dc5afe854f9f12a4194aca3fb, type: 3}
  m_Name: WSA
  m_EditorClassIdentifier: 
  features:
  - {fileID: 7814897007538787158}
  - {fileID: 6222314854893197440}
  - {fileID: -496669994699329374}
  - {fileID: -8590777276992142987}
  - {fileID: 2527685697463147950}
  - {fileID: -8022072757865487992}
  - {fileID: -3433716893060204142}
  - {fileID: -6345407056451659874}
  - {fileID: -1017510623429554562}
  m_renderMode: 1
  m_depthSubmissionMode: 0
--- !u!114 &7814897007538787158
MonoBehaviour:
  m_ObjectHideFlags: 0
  m_CorrespondingSourceObject: {fileID: 0}
  m_PrefabInstance: {fileID: 0}
  m_PrefabAsset: {fileID: 0}
  m_GameObject: {fileID: 0}
  m_Enabled: 1
  m_EditorHideFlags: 0
  m_Script: {fileID: 11500000, guid: 486b5e28864f9a94b979b9620ce5006d, type: 3}
  m_Name: ConformanceAutomationFeature WSA
  m_EditorClassIdentifier: 
  m_enabled: 0
  nameUi: Conformance Automation
  version: 0.0.1
  featureIdInternal: com.unity.openxr.feature.conformance
  openxrExtensionStrings: XR_EXT_conformance_automation
  company: Unity
  priority: 0
  required: 0
